<record><leader>00000cas a22000007a 4500</leader><controlfield tag="001">27920279</controlfield><controlfield tag="008">930414c19uu9999nyuwr ne      0    0eng d</controlfield><datafield ind1=" " ind2=" " tag="010"><subfield code="a">sn 93063818 </subfield></datafield><datafield ind1=" " ind2=" " tag="040"><subfield code="a">NYS</subfield><subfield code="b">eng</subfield><subfield code="c">NYS</subfield><subfield code="d">OCLCQ</subfield></datafield><datafield ind1=" " ind2=" " tag="042"><subfield code="a">msc</subfield></datafield><datafield ind1="0" ind2="4" tag="245"><subfield code="a">The Oxford review-times, the Chenango American and Whitney Point reporter.</subfield></datafield><datafield ind1="3" ind2="0" tag="246"><subfield code="a">Chenango American and Whitney Point reporter, the Oxford review-times</subfield></datafield><datafield ind1="1" ind2="3" tag="246"><subfield code="a">Chenango American, Whitney Point reporter and the Oxford review-times</subfield></datafield><datafield ind1=" " ind2=" " tag="260"><subfield code="a">Greene, N.Y. :</subfield><subfield code="b">Tri-Town News</subfield></datafield><datafield ind1=" " ind2=" " tag="300"><subfield code="a">v. :</subfield><subfield code="b">ill. ;</subfield><subfield code="c">57 cm.</subfield></datafield><datafield ind1=" " ind2=" " tag="500"><subfield code="a">"Oxford review-times" appears in larger type, &lt;Apr. 1992&gt;.</subfield></datafield><datafield ind1=" " ind2=" " tag="515"><subfield code="a">Jan. 2, 1990 issue misdated Jan. 2, 1989.</subfield></datafield><datafield ind1=" " ind2=" " tag="588"><subfield code="a">Description based on: Vol. 135, no. 36 (Jan. 2, 1990).</subfield></datafield><datafield ind1=" " ind2="4" tag="651"><subfield code="a">Greene (N.Y.)</subfield><subfield code="v">Newspapers.</subfield></datafield><datafield ind1=" " ind2="4" tag="651"><subfield code="a">Oxford (N.Y.)</subfield><subfield code="v">Newspapers.</subfield></datafield><datafield ind1=" " ind2="4" tag="651"><subfield code="a">Whitney Point (N.Y.)</subfield><subfield code="v">Newspapers.</subfield></datafield><datafield ind1=" " ind2="4" tag="651"><subfield code="a">Chenango County (N.Y.)</subfield><subfield code="v">Newspapers.</subfield></datafield><datafield ind1=" " ind2=" " tag="752"><subfield code="a">United States</subfield><subfield code="b">New York</subfield><subfield code="c">Chenango</subfield><subfield code="d">Greene.</subfield></datafield><datafield ind1=" " ind2=" " tag="752"><subfield code="a">United States</subfield><subfield code="b">New York</subfield><subfield code="c">Chenango</subfield><subfield code="d">Oxford.</subfield></datafield><datafield ind1="0" ind2="1" tag="780"><subfield code="t">Chenango American and Whitney Point reporter and the Oxford review-times</subfield><subfield code="w">(DLC)sn 91066376</subfield></datafield><datafield ind1="1" ind2=" " tag="029"><subfield code="a">AU@</subfield><subfield code="b">000020742238</subfield></datafield></record>